<record><leader>00000cas a22000007a 4500</leader><controlfield tag="001">11832588</controlfield><controlfield tag="008">850321d19161922inuwr ne      0    0eng d</controlfield><datafield ind1=" " ind2=" " tag="010"><subfield code="a">sn 85047734 </subfield></datafield><datafield ind1=" " ind2=" " tag="040"><subfield code="a">NPI</subfield><subfield code="b">eng</subfield><subfield code="c">NPI</subfield><subfield code="d">OCLCQ</subfield></datafield><datafield ind1=" " ind2=" " tag="042"><subfield code="a">msc</subfield></datafield><datafield ind1="0" ind2="4" tag="245"><subfield code="a">The Vevay enterprise.</subfield></datafield><datafield ind1=" " ind2=" " tag="260"><subfield code="a">Vevay, Ind. :</subfield><subfield code="b">Earl S. Brown,</subfield><subfield code="c">1916-1922.</subfield></datafield><datafield ind1=" " ind2=" " tag="300"><subfield code="a">v. :</subfield><subfield code="b">ill. ;</subfield><subfield code="c">56 cm.</subfield></datafield><datafield ind1=" " ind2=" " tag="310"><subfield code="a">Weekly</subfield></datafield><datafield ind1="0" ind2=" " tag="362"><subfield code="a">Vol. 1, no. 1 (Feb. 10, 1916)-v. 7, no. 9 (Mar. 2, 1922).</subfield></datafield><datafield ind1=" " ind2=" " tag="500"><subfield code="a">"Covers Switzerland County like the dew from heaven."</subfield></datafield><datafield ind1=" " ind2=" " tag="752"><subfield code="a">United States</subfield><subfield code="b">Indiana</subfield><subfield code="c">Switzerland</subfield><subfield code="d">Vevay.</subfield></datafield><datafield ind1="0" ind2="7" tag="785"><subfield code="t">Vevay reveille</subfield><subfield code="w">(DLC)sn 84038233</subfield></datafield><datafield ind1="0" ind2="7" tag="785"><subfield code="t">Vevay reveille-enterprise</subfield><subfield code="w">(DLC)sn 85047735</subfield></datafield></record>